
@article{wold1997replication,
    title={Replication protein A: a heterotrimeric, single-stranded DNA-binding protein required for eukaryotic DNA metabolism},
    author={Wold, Marc S},
    journal={Annual review of biochemistry},
    volume={66},
    number={1},
    pages={61--92},
    year={1997},
    publisher={Annual Reviews 4139 El Camino Way, PO Box 10139, Palo Alto, CA 94303-0139, USA}
}
